<?xml version="1.0" encoding="UTF-8"?>
<Document xmlns="urn:iso:std:iso:20022:tech:xsd:pain.008.002.02"
		xmlns:xsi="http://www.w3.org/2001/XMLSchema-instance"
		xsi:schemaLocation="urn:iso:std:iso:20022:tech:xsd:pain.008.002.02
	pain.008.002.02.xsd">
	<CstmrDrctDbtInitn>
		<GrpHdr>
			<MsgId>MID201305273145044</MsgId>
			<CreDtTm>2013-05-27T08:44:10Z</CreDtTm>
			<NbOfTxs>2</NbOfTxs>
			<CtrlSum>70.00</CtrlSum>
			<InitgPty>
				<Nm>DLRG Rodenkirchen e.V.</Nm>
			</InitgPty>
		</GrpHdr>
		<PmtInf>
			<PmtInfId>PID201305273145044</PmtInfId>
			<PmtMtd>DD</PmtMtd>
			<BtchBookg>true</BtchBookg>
			<NbOfTxs>2</NbOfTxs>
			<CtrlSum>70.00</CtrlSum>
			<PmtTpInf>
				<SvcLvl>
					<Cd>SEPA</Cd>
				</SvcLvl>
				<LclInstrm>
					<Cd>CORE</Cd>
				</LclInstrm>
				<SeqTp>FRST</SeqTp>
			</PmtTpInf>
			<ReqdColltnDt>2014-01-31</ReqdColltnDt>
			<Cdtr>
				<Nm>DLRG Rodenkirchen e.V.</Nm>
			</Cdtr>
			<CdtrAcct>
				<Id>
					<IBAN>DE52370501981003502018</IBAN>
				</Id>
			</CdtrAcct>
			<CdtrAgt>
				<FinInstnId>
					<BIC>COLSDE33XXX</BIC>
				</FinInstnId>
			</CdtrAgt>
			<ChrgBr>SLEV</ChrgBr>
			<CdtrSchmeId>
				<Id>
					<PrvtId>
						<Othr>
							<Id>CreditorIdentifier</Id>
							<SchmeNm>
								<Prtry>SEPA</Prtry>
							</SchmeNm>
						</Othr>
					</PrvtId>
				</Id>
			</CdtrSchmeId>
			<DrctDbtTxInf>
				<PmtId>
					<EndToEndId>EToE201305273145044</EndToEndId>
				</PmtId>
				<InstdAmt Ccy="EUR">25.00</InstdAmt>
				<DrctDbtTx>
					<MndtRltdInf>
						<MndtId>18161</MndtId>
						<DtOfSgntr>2001-01-01</DtOfSgntr>
						<AmdmntInd>false</AmdmntInd>
					</MndtRltdInf>
				</DrctDbtTx>
				<DbtrAgt>
					<FinInstnId>
						<BIC>GENODED1CGN</BIC>
					</FinInstnId>
				</DbtrAgt>
				<Dbtr>
					<Nm>Jan Degenhardt</Nm>
				</Dbtr>
				<DbtrAcct>
					<Id>
						<IBAN>DE97371600870584056045</IBAN>
					</Id>
				</DbtrAcct>
				<RmtInf>
					<Ustrd>Beitrag</Ustrd>
				</RmtInf>
			</DrctDbtTxInf>
			<DrctDbtTxInf>
				<PmtId>
					<EndToEndId>EToE201305273145044</EndToEndId>
				</PmtId>
				<InstdAmt Ccy="EUR">45.00</InstdAmt>
				<DrctDbtTx>
					<MndtRltdInf>
						<MndtId>18161</MndtId>
						<DtOfSgntr>2001-01-01</DtOfSgntr>
						<AmdmntInd>false</AmdmntInd>
					</MndtRltdInf>
				</DrctDbtTx>
				<DbtrAgt>
					<FinInstnId>
						<BIC>COLSDE33XXX</BIC>
					</FinInstnId>
				</DbtrAgt>
				<Dbtr>
					<Nm>Oliver Grunwald</Nm>
				</Dbtr>
				<DbtrAcct>
					<Id>
						<IBAN>DE66370501981013163645</IBAN>
					</Id>
				</DbtrAcct>
				<RmtInf>
					<Ustrd>Mitgliedsbeitrag</Ustrd>
				</RmtInf>
			</DrctDbtTxInf>
		</PmtInf>
	</CstmrDrctDbtInitn>
</Document>
